<?xml version="1.0" encoding="UTF-8"?>
<SOAP-ENV:Envelope xmlns:SOAP-ENV="http://schemas.xmlsoap.org/soap/envelope/" xmlns:of="http://oss.dbc.dk/ns/openformat" xmlns:ofo="http://oss.dbc.dk/ns/openformatoutput"><SOAP-ENV:Body><of:formatResponse><marc21><mx:record xmlns:mx="http://www.loc.gov/MARC21/slim" format="MARC21" type="Bibliographic"><mx:leader>00000njm a22000000c 4500</mx:leader><mx:controlfield tag="007">s|||||||||||||</mx:controlfield><mx:controlfield tag="008">090821s2009    uik|||||||||||||||||eng|d</mx:controlfield><mx:datafield ind1=" " ind2=" " tag="020"><mx:subfield code="c">Kr. 136,00</mx:subfield></mx:datafield><mx:datafield ind1="8" ind2=" " tag="024"><mx:subfield code="a">0602527058856</mx:subfield></mx:datafield><mx:datafield ind1="1" ind2=" " tag="029"><mx:subfield code="a">DKDLA</mx:subfield><mx:subfield code="b">870970-basis:27882676</mx:subfield></mx:datafield><mx:datafield ind1=" " ind2=" " tag="040"><mx:subfield code="a">DKDLA</mx:subfield><mx:subfield code="b">dan</mx:subfield><mx:subfield code="c">DKDLA</mx:subfield></mx:datafield><mx:datafield ind1="2" ind2=" " tag="110"><mx:subfield code="a">The Low Anthem</mx:subfield></mx:datafield><mx:datafield ind1="1" ind2="0" tag="245"><mx:subfield code="a">Oh my God, Charlie Darwin /</mx:subfield><mx:subfield code="c">The Low Anthem (Ben Knox Miller, Jeffrey Prystowsky, Joice Adams) with Anne Williams ... [et al.]</mx:subfield></mx:datafield><mx:datafield ind1=" " ind2=" " tag="260"><mx:subfield code="a">[S.l.] :</mx:subfield><mx:subfield code="b">Bella Union,</mx:subfield><mx:subfield code="c">p 2009</mx:subfield></mx:datafield><mx:datafield ind1=" " ind2=" " tag="300"><mx:subfield code="a">1 cd</mx:subfield></mx:datafield><mx:datafield ind1="1" ind2=" " tag="700"><mx:subfield code="a">Adams, Joice</mx:subfield></mx:datafield><mx:datafield ind1="1" ind2=" " tag="700"><mx:subfield code="a">Miller, Ben</mx:subfield></mx:datafield><mx:datafield ind1="1" ind2=" " tag="700"><mx:subfield code="a">Prystowsky, Jeffrey</mx:subfield></mx:datafield><mx:datafield ind1="1" ind2=" " tag="700"><mx:subfield code="a">Williams, Anne</mx:subfield></mx:datafield></mx:record><hs>DKDLA</hs></marc21></of:formatResponse></SOAP-ENV:Body></SOAP-ENV:Envelope>
